@Misc{Zhalaing,
   author = "Zhalaing Cheung and Khanh Linh Phan and Ashesh Mahidadia and Achim Hoffmann",
	 title = "Feature Extraction for Learning to Classify Questions",  
   howpublished = "\url{http://ciir.cs.umass.edu/~weili/papers/qc.pdf}"
}

@Misc{WeiLi,
   author = "Wei Li",
   title = "Question Classification Using Language Modeling",  
   year = "2003",  
   howpublished = "\url{http://ciir.cs.umass.edu/~weili/papers/qc.pdf}"
}

@Misc{XinLi,
   author = "Xin Li and Dan Roth",
   title = "Learning question classifiers",  
   year = "2002",  
   howpublished = "\url{http://citeseerx.ist.psu.edu/viewdoc/download?doi=10.1.1.3.7195&rep=rep1&type=pdf}"
}

@Misc{gerber,
   author = " Laurie Gerber and Ulf Hermjakob and Eduard Hovy and Deepak Ravichandran",
   title = "The ISI Question Answer Typology, Qtargets used in Webclopedia",  
   year = "2002",  
   howpublished = "\url{http://www.isi.edu/natural-language/projects/webclopedia/Taxonomy/taxonomy_toplevel.html}"
}

@Misc{brown,
   author = "Jonathan Brown",
   title = "Entity-Tagged Language Models for Question Classification in a QA System",  
   year = "2004",  
   howpublished = "\url{http://nyc.lti.cs.cmu.edu/IRLab/11-743s04/jonbrown/Brown-IRLab.pdf}"
} 

@MISC{Zhang,
    author = {Tong Zhang},
    title = {Large Margin Winnow Methods for Text Categorization},
    year = {2000},
    howpublished = {\url{http://citeseerx.ist.psu.edu/viewdoc/download;jsessionid=398E23634B77B6D88BECA4A8F1BE7FEA?doi=10.1.1.36.6312&rep=rep1&type=pdf}}
}

@Misc{snow,
   author = "Andrew J. Carlson, Chad M. Cumby, Jeff L. Rosen and Dan Roth",
   title = "SNoW User's Guide",  
   year = "1999",  
   howpublished = "\url{http://l2r.cs.uiuc.edu/~danr/Papers/userguide.ps.gz}"
} 

@misc{ pinto,
  author = "D. Pinto and W. Croft and M. Branstein and R. Coleman and M. King and W.
    Li and X. Wei",
  title = "Quasm: A system for question answering using semi-structured data",
  text = "D. Pinto, W. Croft, M. Branstein, R. Coleman, M. King, W. Li, and X. Wei.
    Quasm: A system for question answering using semi-structured data. In Proceedings
    of the JCDL 2002.",
  year = "2002",
  url = "citeseer.ist.psu.edu/pinto02quasm.html" }


